<record><leader>00000cas a22000007a 4500</leader><controlfield tag="001">9257512</controlfield><controlfield tag="008">830225d18251826mauwr ne      0    0eng d</controlfield><controlfield tag="009">3768</controlfield><datafield ind1=" " ind2=" " tag="010"><subfield code="a">sn 83020087 </subfield></datafield><datafield ind1=" " ind2=" " tag="040"><subfield code="a">NPX</subfield><subfield code="b">eng</subfield><subfield code="c">NPX</subfield><subfield code="d">DLC</subfield><subfield code="d">MGN</subfield></datafield><datafield ind1="1" ind2=" " tag="029"><subfield code="a">AU@</subfield><subfield code="b">000025787302</subfield></datafield><datafield ind1=" " ind2=" " tag="042"><subfield code="a">msc</subfield></datafield><datafield ind1="0" ind2="0" tag="050"><subfield code="a">Newspaper 8274</subfield></datafield><datafield ind1="0" ind2="0" tag="245"><subfield code="a">Chelmsford phoenix.</subfield></datafield><datafield ind1="1" ind2="0" tag="246"><subfield code="a">Phoenix</subfield></datafield><datafield ind1=" " ind2=" " tag="260"><subfield code="a">East Chelmsford [Chelmsford, Mass.] :</subfield><subfield code="b">William Baldwin,</subfield></datafield><datafield ind1=" " ind2=" " tag="300"><subfield code="a">v.</subfield></datafield><datafield ind1=" " ind2=" " tag="310"><subfield code="a">Weekly</subfield></datafield><datafield ind1="0" ind2=" " tag="362"><subfield code="a">Vol. 1, no. 1 (June 28, 1825)-v. 1, no. 34 (Feb. 24, 1826).</subfield></datafield><datafield ind1=" " ind2=" " tag="752"><subfield code="a">United States</subfield><subfield code="b">Massachusetts</subfield><subfield code="c">Middlesex</subfield><subfield code="d">Chelmsford.</subfield></datafield><datafield ind1=" " ind2=" " tag="752"><subfield code="a">United States</subfield><subfield code="b">Massachusetts</subfield><subfield code="c">Middlesex</subfield><subfield code="d">Lowell.</subfield></datafield><datafield ind1="0" ind2="0" tag="780"><subfield code="t">Chelmsford courier</subfield><subfield code="w">(DLC)sn 83020086</subfield></datafield><datafield ind1="0" ind2="0" tag="785"><subfield code="t">Merrimack journal of politics, literature, and the arts</subfield><subfield code="w">(DLC)sn 83020088</subfield></datafield></record>